@String(PAMI  = {IEEE TPAMI})
@String(IJCV  = {IJCV})
@String(CVPR  = {CVPR})
@String(ICCV  = {ICCV})
@String(ECCV  = {ECCV})
@String(NIPS  = {NeurIPS})
@String(ICPR  = {ICPR})
@String(BMVC  =	{BMVC})
@String(TOG   = {ACM TOG})
@String(TIP   = {IEEE TIP})
@String(TVCG  = {IEEE TVCG})
@String(TCSVT = {IEEE TCSVT})
@String(TMM   =	{IEEE TMM})
@String(ACMMM = {ACM MM})
@String(ICME  =	{ICME})
@String(ICASSP=	{ICASSP})
@String(ICIP  = {ICIP})
@String(ACCV  = {ACCV})
@String(ICLR  = {ICLR})
@String(IJCAI = {IJCAI})
@String(PR = {PR})
@String(AAAI = {AAAI})
@String(CVPRW= {CVPRW})
@String(CSVT = {IEEE TCSVT})



@String(PAMI = {IEEE Trans. Pattern Anal. Mach. Intell.})
@String(IJCV = {Int. J. Comput. Vis.})
@String(CVPR= {IEEE Conf. Comput. Vis. Pattern Recog.})
@String(ICCV= {Int. Conf. Comput. Vis.})
@String(ECCV= {Eur. Conf. Comput. Vis.})
@String(NIPS= {Adv. Neural Inform. Process. Syst.})
@String(ICPR = {Int. Conf. Pattern Recog.})
@String(BMVC= {Brit. Mach. Vis. Conf.})
@String(TOG= {ACM Trans. Graph.})
@String(TIP  = {IEEE Trans. Image Process.})
@String(TVCG  = {IEEE Trans. Vis. Comput. Graph.})
@String(TMM  = {IEEE Trans. Multimedia})
@String(ACMMM= {ACM Int. Conf. Multimedia})
@String(ICME = {Int. Conf. Multimedia and Expo})
@String(ICASSP=	{ICASSP})
@String(ICIP = {IEEE Int. Conf. Image Process.})
@String(ACCV  = {ACCV})
@String(ICLR = {Int. Conf. Learn. Represent.})
@String(IJCAI = {IJCAI})
@String(PR   = {Pattern Recognition})
@String(AAAI = {AAAI})
@String(CVPRW= {IEEE Conf. Comput. Vis. Pattern Recog. Worksh.})
@String(CSVT = {IEEE Trans. Circuit Syst. Video Technol.})

@String(SPL	= {IEEE Sign. Process. Letters})
@String(VR   = {Vis. Res.})
@String(JOV	 = {J. Vis.})
@String(TVC  = {The Vis. Comput.})
@String(JCST  = {J. Comput. Sci. Tech.})
@String(CGF  = {Comput. Graph. Forum})
@String(CVM = {Computational Visual Media})






@inproceedings{zhu2019film,
  title={Film Box Office Forecasting Methods Based on Partial Least Squares Regression Model},
  author={Zhu, Huike and Tang, Zhongjun},
  booktitle={Proceedings of the 11th International Conference on Computer Modeling and Simulation},
  pages={234--238},
  year={2019}
}

@inproceedings{qiu2018microblog,
  title={Microblog Mood Predicts the Box Office Performance},
  author={Qiu, Xiaoyang and Tang, Tiffany Ya},
  booktitle={Proceedings of the 2018 Artificial Intelligence and Cloud Computing Conference},
  pages={129--133},
  year={2018}
}

@inproceedings{asur2010predicting,
  title={Predicting the future with social media},
  author={Asur, Sitaram and Huberman, Bernardo A},
  booktitle={2010 IEEE/WIC/ACM international conference on web intelligence and intelligent agent technology},
  volume={1},
  pages={492--499},
  year={2010},
  organization={IEEE}
}

@article{jain2013prediction,
  title={Prediction of movie success using sentiment analysis of tweets},
  author={Jain, Vasu},
  journal={The International Journal of Soft Computing and Software Engineering},
  volume={3},
  number={3},
  pages={308--313},
  year={2013}
}

@inproceedings{chi2019does,
  title={How Does Online Word-of-Mouth Impact Movie Box Office: An Empirical Investigation of China},
  author={Chi, Jianyu and Gu, Enshu and Li, Kewei},
  booktitle={Proceedings of the 2019 International Conference on Artificial Intelligence and Computer Science},
  pages={730--735},
  year={2019}
}

@inproceedings{joshi2010movie,
  title={Movie reviews and revenues: An experiment in text regression},
  author={Joshi, Mahesh and Das, Dipanjan and Gimpel, Kevin and Smith, Noah A},
  booktitle={Human Language Technologies: The 2010 Annual Conference of the North American Chapter of the Association for Computational Linguistics},
  pages={293--296},
  year={2010}
}

@inproceedings{jiang2018predicting,
  title={Predicting Box Office and Audience Rating of Chinese Films using Machine Learning},
  author={Jiang, Luyao and Wang, Zhengduo},
  booktitle={Proceedings of the 2018 International Conference on Education Technology Management},
  pages={58--62},
  year={2018}
}

@inproceedings{quader2017machine,
  title={A machine learning approach to predict movie box-office success},
  author={Quader, Nahid and Gani, Md Osman and Chaki, Dipankar and Ali, Md Haider},
  booktitle={2017 20th International Conference of Computer and Information Technology (ICCIT)},
  pages={1--7},
  year={2017},
  organization={IEEE}
}


@inproceedings{adhikari2019rethinking,
  title={Rethinking complex neural network architectures for document classification},
  author={Adhikari, Ashutosh and Ram, Achyudh and Tang, Raphael and Lin, Jimmy},
  booktitle={Proceedings of the 2019 Conference of the North American Chapter of the Association for Computational Linguistics: Human Language Technologies, Volume 1 (Long and Short Papers)},
  pages={4046--4051},
  year={2019}
}

@inproceedings{dai2019factors,
  title={Factors Affecting the Box Office of Chinese Main-Melody Films Based on Big Data},
  author={Dai, Jianhua and Jin, Libo and Wang, Xinyang},
  booktitle={Proceedings of the 2019 International Conference on Artificial Intelligence and Computer Science},
  pages={741--744},
  year={2019}
}

@article{gazley2011understanding,
  title={Understanding preferences for motion pictures},
  author={Gazley, Aaron and Clark, Gemma and Sinha, Ashish},
  journal={Journal of Business Research},
  volume={64},
  number={8},
  pages={854--861},
  year={2011},
  publisher={Elsevier}
}

@article{hennig2007determinants,
  title={Determinants of motion picture box office and profitability: an interrelationship approach},
  author={Hennig-Thurau, Thorsten and Houston, Mark B and Walsh, Gianfranco},
  journal={Review of Managerial Science},
  volume={1},
  number={1},
  pages={65--92},
  year={2007},
  publisher={Springer}
}

@article{topf2010examining,
  title={Examining success in the motion picture industry},
  author={Topf, Pat},
  journal={The Park Place Economist},
  volume={18},
  number={15},
  pages={1},
  year={2010},
  publisher={Citeseer}
}

@article{gazley2011understanding,
  title={Understanding preferences for motion pictures},
  author={Gazley, Aaron and Clark, Gemma and Sinha, Ashish},
  journal={Journal of Business Research},
  volume={64},
  number={8},
  pages={854--861},
  year={2011},
  publisher={Elsevier}
}

@article{vdm2013determinants,
  title={The determinants of box office performance in the film industry revisited},
  author={VdM Smit, E and Pangarker, NA},
  journal={South African Journal of Business Management},
  volume={44},
  number={3},
  pages={47--58},
  year={2013},
  publisher={Sabinet}
}

