@String(PAMI  = {IEEE TPAMI})
@String(IJCV  = {IJCV})
@String(CVPR  = {CVPR})
@String(ICCV  = {ICCV})
@String(ECCV  = {ECCV})
@String(NIPS  = {NeurIPS})
@String(ICPR  = {ICPR})
@String(BMVC  =	{BMVC})
@String(TOG   = {ACM TOG})
@String(TIP   = {IEEE TIP})
@String(TVCG  = {IEEE TVCG})
@String(TCSVT = {IEEE TCSVT})
@String(TMM   =	{IEEE TMM})
@String(ACMMM = {ACM MM})
@String(ICME  =	{ICME})
@String(ICASSP=	{ICASSP})
@String(ICIP  = {ICIP})
@String(ACCV  = {ACCV})
@String(ICLR  = {ICLR})
@String(IJCAI = {IJCAI})
@String(PR = {PR})
@String(AAAI = {AAAI})
@String(CVPRW= {CVPRW})
@String(CSVT = {IEEE TCSVT})



@String(PAMI = {IEEE Trans. Pattern Anal. Mach. Intell.})
@String(IJCV = {Int. J. Comput. Vis.})
@String(CVPR= {IEEE Conf. Comput. Vis. Pattern Recog.})
@String(ICCV= {Int. Conf. Comput. Vis.})
@String(ECCV= {Eur. Conf. Comput. Vis.})
@String(NIPS= {Adv. Neural Inform. Process. Syst.})
@String(ICPR = {Int. Conf. Pattern Recog.})
@String(BMVC= {Brit. Mach. Vis. Conf.})
@String(TOG= {ACM Trans. Graph.})
@String(TIP  = {IEEE Trans. Image Process.})
@String(TVCG  = {IEEE Trans. Vis. Comput. Graph.})
@String(TMM  = {IEEE Trans. Multimedia})
@String(ACMMM= {ACM Int. Conf. Multimedia})
@String(ICME = {Int. Conf. Multimedia and Expo})
@String(ICASSP=	{ICASSP})
@String(ICIP = {IEEE Int. Conf. Image Process.})
@String(ACCV  = {ACCV})
@String(ICLR = {Int. Conf. Learn. Represent.})
@String(IJCAI = {IJCAI})
@String(PR   = {Pattern Recognition})
@String(AAAI = {AAAI})
@String(CVPRW= {IEEE Conf. Comput. Vis. Pattern Recog. Worksh.})
@String(CSVT = {IEEE Trans. Circuit Syst. Video Technol.})

@String(SPL	= {IEEE Sign. Process. Letters})
@String(VR   = {Vis. Res.})
@String(JOV	 = {J. Vis.})
@String(TVC  = {The Vis. Comput.})
@String(JCST  = {J. Comput. Sci. Tech.})
@String(CGF  = {Comput. Graph. Forum})
@String(CVM = {Computational Visual Media})


@article{alon1997exponent,
  title={On the exponent of the all pairs shortest path problem},
  author={Alon, Noga and Galil, Zvi and Margalit, Oded},
  journal={Journal of Computer and System Sciences},
  volume={54},
  number={2},
  pages={255--262},
  year={1997},
  publisher={Elsevier}
}

@article{floyd1962algorithm,
  title={Algorithm 97: shortest path},
  author={Floyd, Robert W},
  journal={Communications of the ACM},
  volume={5},
  number={6},
  pages={345},
  year={1962},
  publisher={ACM New York, NY, USA}
}

@article{warshall1962theorem,
  title={A theorem on boolean matrices},
  author={Warshall, Stephen},
  journal={Journal of the ACM (JACM)},
  volume={9},
  number={1},
  pages={11--12},
  year={1962},
  publisher={ACM New York, NY, USA}
}


@book{aho1974design,
  title={The design and analysis of computer algorithms},
  author={Aho, Alfred V and Hopcroft, John E},
  year={1974},
  publisher={Pearson Education India}
}

@article{zwick2002all,
  title={All pairs shortest paths using bridging sets and rectangular matrix multiplication},
  author={Zwick, Uri},
  journal={Journal of the ACM (JACM)},
  volume={49},
  number={3},
  pages={289--317},
  year={2002},
  publisher={ACM New York, NY, USA}
}

@article{garbow1985scaling,
  title={Scaling algorithms for network problems},
  author={Garbow, Harold N},
  journal={Journal of Computer and System Sciences},
  volume={31},
  number={2},
  pages={148--168},
  year={1985},
  publisher={Elsevier}
}

@inproceedings{coppersmith1987matrix,
  title={Matrix multiplication via arithmetic progressions},
  author={Coppersmith, Don and Winograd, Shmuel},
  booktitle={Proceedings of the nineteenth annual ACM symposium on Theory of computing},
  pages={1--6},
  year={1987}
}

@article{strassen1969gaussian,
  title={Gaussian elimination is not optimal},
  author={Strassen, Volker},
  journal={Numerische mathematik},
  volume={13},
  number={4},
  pages={354--356},
  year={1969}
}

@article{davie2013improved,
  title={Improved bound for complexity of matrix multiplication},
  author={Davie, Alexander Munro and Stothers, Andrew James},
  journal={Proceedings. Section A, Mathematics-The Royal Society of Edinburgh},
  volume={143},
  number={2},
  pages={351},
  year={2013},
  publisher={Cambridge University Press}
}

@inproceedings{le2014powers,
  title={Powers of tensors and fast matrix multiplication},
  author={Le Gall, Fran{\c{c}}ois},
  booktitle={Proceedings of the 39th international symposium on symbolic and algebraic computation},
  pages={296--303},
  year={2014}
}

@article{lam1991cache,
  title={The cache performance and optimizations of blocked algorithms},
  author={Lam, Monica D and Rothberg, Edward E and Wolf, Michael E},
  journal={ACM SIGOPS Operating Systems Review},
  volume={25},
  number={Special Issue},
  pages={63--74},
  year={1991},
  publisher={ACM New York, NY, USA}
}

@article{goto2008anatomy,
  title={Anatomy of high-performance matrix multiplication},
  author={Goto, Kazushige and Geijn, Robert A van de},
  journal={ACM Transactions on Mathematical Software (TOMS)},
  volume={34},
  number={3},
  pages={1--25},
  year={2008},
  publisher={ACM New York, NY, USA}
}

@article{albert1999diameter,
  title={Diameter of the world-wide web},
  author={Albert, R{\'e}ka and Jeong, Hawoong and Barab{\'a}si, Albert-L{\'a}szl{\'o}},
  journal={nature},
  volume={401},
  number={6749},
  pages={130--131},
  year={1999},
  publisher={Nature Publishing Group}
}

@book{ieee1985ieee,
  title={IEEE standard for binary floating-point arithmetic},
  author={IEEE Computer Society. Standards Committee and American National Standards Institute},
  volume={754},
  year={1985},
  publisher={IEEE}
}