@inproceedings{devlin2019bert,
  title={BERT: Pre-training of Deep Bidirectional Transformers for Language Understanding},
  author={Devlin, Jacob and Chang, Ming-Wei and Lee, Kenton and Toutanova, Kristina},
  booktitle={Proceedings of the 2019 Conference of the North American Chapter of the Association for Computational Linguistics: Human Language Technologies, Volume 1 (Long and Short Papers)},
  pages={4171--4186},
  year={2019}
}

@inproceedings{yang2019xlnet,
  title={Xlnet: Generalized autoregressive pretraining for language understanding},
  author={Yang, Zhilin and Dai, Zihang and Yang, Yiming and Carbonell, Jaime and Salakhutdinov, Russ R and Le, Quoc V},
  booktitle={Advances in neural information processing systems},
  pages={5753--5763},
  year={2019}
}

@inproceedings{tian2020improving,
  title={Improving Chinese word segmentation with wordhood memory networks},
  author={Tian, Yuanhe and Song, Yan and Xia, Fei and Zhang, Tong and Wang, Yonggang},
  booktitle={Proceedings of the 58th Annual Meeting of the Association for Computational Linguistics},
  pages={8274--8285},
  year={2020}
}


@inproceedings{cui2020revisiting,
    title={Revisiting Pre-Trained Models for Chinese Natural Language Processing},
    author={Cui, Yiming and Che, Wanxiang and Liu, Ting and Qin, Bing and Wang, Shijin and Hu, Guoping},
    booktitle = "Findings of EMNLP",
    year = "2020",
    publisher = "Association for Computational Linguistics"
}

@inproceedings{cui2019hierarchically,
  title={Hierarchically-Refined Label Attention Network for Sequence Labeling},
  author={Cui, Leyang and Zhang, Yue},
  booktitle={Proceedings of the 2019 Conference on Empirical Methods in Natural Language Processing and the 9th International Joint Conference on Natural Language Processing (EMNLP-IJCNLP)},
  pages={4106--4119},
  year={2019}
}

@inproceedings{Lafferty2001Conditional,
  author = {Lafferty, John D. and McCallum, Andrew and Pereira, Fernando C. N.},
  title = {Conditional Random Fields: Probabilistic Models for Segmenting and Labeling Sequence Data},
  year = {2001},
  isbn = {1558607781},
  publisher = {Morgan Kaufmann Publishers Inc.},
  address = {San Francisco, CA, USA},
  booktitle = {Proceedings of the Eighteenth International Conference on Machine Learning},
  pages = {282â€“289},
  numpages = {8},
  series = {ICML '01}
}

