@inproceedings{bhargava2017deep,
  title={Deep paraphrase detection in indian languages},
  author={Bhargava, Rupal and Sharma, Gargi and Sharma, Yashvardhan},
  booktitle={Proceedings of the 2017 IEEE/ACM International Conference on Advances in Social Networks Analysis and Mining 2017},
  pages={1152--1159},
  year={2017}
}

@article{bhargava2020deep,
  title={Deep Extractive Text Summarization},
  author={Bhargava, Rupal and Sharma, Yashvardhan},
  journal={Procedia Computer Science},
  volume={167},
  pages={138--146},
  year={2020},
  publisher={Elsevier}
}

@inproceedings{erera2019summarization,
  title={A Summarization System for Scientific Documents},
  author={Erera, Shai and Shmueli-Scheuer, Michal and Feigenblat, Guy and Nakash, Ora Peled and Boni, Odellia and Roitman, Haggai and Cohen, Doron and Weiner, Bar and Mass, Yosi and Rivlin, Or and others},
  booktitle={Proceedings of the 2019 Conference on Empirical Methods in Natural Language Processing and the 9th International Joint Conference on Natural Language Processing (EMNLP-IJCNLP): System Demonstrations},
  pages={211--216},
  year={2019}
}

@article{altmami2020automatic,
  title={Automatic Summarization of Scientific Articles: A Survey},
  author={Altmami, Nouf Ibrahim and Menai, Mohamed El Bachir},
  journal={Journal of King Saud University-Computer and Information Sciences},
  year={2020},
  publisher={Elsevier}
}

@inproceedings{polsley2016casesummarizer,
  title={Casesummarizer: a system for automated summarization of legal texts},
  author={Polsley, Seth and Jhunjhunwala, Pooja and Huang, Ruihong},
  booktitle={Proceedings of COLING 2016, the 26th international conference on Computational Linguistics: System Demonstrations},
  pages={258--262},
  year={2016}
}

@article{iqbal2020survey,
  title={The Survey: Text Generation Models in Deep Learning.},
  author={Iqbal, Touseef and Qureshi, Shaima},
  journal={Journal of King Saud University-Computer and Information Sciences},
  year={2020},
  publisher={Elsevier}
}

@article{litvak2019easy,
  title={EASY-M: Evaluation System for Multilingual Summarizers},
  author={Litvak, Marina and Vanetik, Natalia and Veksler, Yael},
  journal={SUMMARIZATION ACROSS LANGUAGES, GENRES AND SOURCES},
  pages={53},
  year={2019}
}

@article{deng2020two,
  title={A Two-stage Chinese Text Summarization Algorithm Using Keyword Information and Adversarial Learning},
  author={Deng, Zhenrong and Ma, Fuxin and Lan, Rushi and Huang, Wenmimg and Luo, Xiaonan},
  journal={Neurocomputing},
  year={2020},
  publisher={Elsevier}
}

@inproceedings{zhang2019pretraining,
  title={Pretraining-Based Natural Language Generation for Text Summarization},
  author={Zhang, Haoyu and Cai, Jingjing and Xu, Jianjun and Wang, Ji},
  booktitle={Proceedings of the 23rd Conference on Computational Natural Language Learning (CoNLL)},
  pages={789--797},
  year={2019}
}

@inproceedings{xiao2019extractive,
  title={Extractive Summarization of Long Documents by Combining Global and Local Context},
  author={Xiao, Wen and Carenini, Giuseppe},
  booktitle={Proceedings of the 2019 Conference on Empirical Methods in Natural Language Processing and the 9th International Joint Conference on Natural Language Processing (EMNLP-IJCNLP)},
  pages={3002--3012},
  year={2019}
}

@inproceedings{liakata2013discourse,
  title={A discourse-driven content model for summarising scientific articles evaluated in a complex question answering task},
  author={Liakata, Maria and Dobnik, Simon and Saha, Shyamasree and Batchelor, Colin and Schuhmann, Dietrich Rebholz},
  booktitle={Proceedings of the 2013 Conference on Empirical Methods in Natural Language Processing},
  pages={747--757},
  year={2013}
}

@inproceedings{cohan2015scientific,
  title={Scientific Article Summarization Using Citation-Context and Articleâ€™s Discourse Structure},
  author={Cohan, Arman and Goharian, Nazli},
  booktitle={Proceedings of the 2015 Conference on Empirical Methods in Natural Language Processing},
  pages={390--400},
  year={2015}
}

@inproceedings{sutskever2013importance,
  title={On the importance of initialization and momentum in deep learning},
  author={Sutskever, Ilya and Martens, James and Dahl, George and Hinton, Geoffrey},
  booktitle={International conference on machine learning},
  pages={1139--1147},
  year={2013}
}

@inproceedings{vinyals2015pointer,
  title={Pointer networks},
  author={Vinyals, Oriol and Fortunato, Meire and Jaitly, Navdeep},
  booktitle={Advances in neural information processing systems},
  pages={2692--2700},
  year={2015}
}

@inproceedings{lin2004rouge,
  title={Rouge: A package for automatic evaluation of summaries},
  author={Lin, Chin-Yew},
  booktitle={Text summarization branches out},
  pages={74--81},
  year={2004}
}


@inproceedings{cui2020revisiting,
    title={Revisiting Pre-Trained Models for Chinese Natural Language Processing},
    author={Cui, Yiming and Che, Wanxiang and Liu, Ting and Qin, Bing and Wang, Shijin and Hu, Guoping},
    booktitle = "Findings of EMNLP",
    year = "2020",
    publisher = "Association for Computational Linguistics"
}